<?xml version="1.0" encoding="UTF-8"?><collection xmlns="http://www.loc.gov/MARC21/slim"><record><leader>00473nam--2200169-i-4500</leader><controlfield tag="001">000047971</controlfield><controlfield tag="002">20161230</controlfield><controlfield tag="005">20161230201046</controlfield><controlfield tag="008">060222s1000------------r-----000-0-eng-d</controlfield><datafield ind1=" " ind2=" " tag="040"><subfield code="a">IFIN-HH</subfield></datafield><datafield ind1=" " ind2=" " tag="080"><subfield code="a">539.142.2</subfield></datafield><datafield ind1="1" ind2=" " tag="100"><subfield code="a">Kelson, I</subfield></datafield><datafield ind1="1" ind2="0" tag="245"><subfield code="a">Variational shell model methods for deformed orbitals</subfield><subfield code="c">I. kelson</subfield></datafield><datafield ind1=" " ind2=" " tag="260"><subfield code="a">Rehovoth, Israel</subfield><subfield code="b">Departament Of Nuclear Physics</subfield><subfield code="c">/1963</subfield></datafield><datafield ind1=" " ind2=" " tag="300"><subfield code="a">13P.+4 FIG</subfield></datafield><datafield ind1=" " ind2=" " tag="852"><subfield code="a">18734</subfield><subfield code="c">539.14</subfield></datafield><datafield ind1=" " ind2=" " tag="CAT"><subfield code="a">Sys</subfield><subfield code="c">20120323</subfield><subfield code="h">094038</subfield></datafield></record></collection>